@Manual{R,
  title = {R: A Language and Environment for Statistical Computing},
  author = {{R Core Team}},
  organization = {R Foundation for Statistical Computing},
  address = {Vienna, Austria},
  year = {2016},
  note = {{ISBN} 3-900051-07-0},
  url = {https://www.R-project.org/},
}

@article{Infosys,
title = {{BIG DATA: Challenges and Opportunities}},
journal = {Infosys Lab Briefings},
volume = {11},
number = {1},
year = {2013}
}

@inproceedings{Beakta15,
  title={Big Data And Hadoop: A Review Paper},
  author={Rahul Beakta},
  year={2015}
}

% 3. IBM Big Data analytics HUB,
%www.ibmbigdatahub.com/infographic/four-vs-big-data

@article{Ghazi15,
author = {Ghazi, Mohd and Gangodkar, Durgaprasad},
year = {2015},
month = {12},
pages = {45-50},
title = {{Hadoop, MapReduce and HDFS: A Developer Perspective}},
volume = {48},
journal = {Procedia Computer Science},
doi = {10.1016/j.procs.2015.04.108}
}

@inproceedings{Dean04,
author = {Dean, Jeffrey and Ghemawat, Sanjay},
year = {2004},
month = {01},
pages = {137-150},
title = {{MapReduce: Simplified Data Processing on Large Clusters}},
volume = {51},
journal = {Communications of the ACM},
doi = {10.1145/1327452.1327492}
}

@article{iotools,
author = {Arnold, Taylor and Kane, Michael and Urbanek, Simon},
year = {2015},
month = {09},
pages = {},
title = {{iotools: High-Performance I/O Tools for R}},
volume = {9},
journal = {R Journal},
doi = {10.32614/RJ-2017-001}
}

@inproceedings{Google06,
title	= {Bigtable: A Distributed Storage System for Structured Data},
author	= {Fay Chang and Jeffrey Dean and Sanjay Ghemawat and Wilson C. Hsieh and Deborah A. Wallach and Mike Burrows and Tushar Chandra and Andrew Fikes and Robert E. Gruber},
year	= {2006},
booktitle	= {7th {USENIX} Symposium on Operating Systems Design and Implementation (OSDI)},
pages	= {205--218}
}

@inproceedings{GFS03,
title	= {The Google File System},
author	= {Sanjay Ghemawat and Howard Gobioff and Shun-Tak Leung},
year	= {2003},
booktitle	= {Proceedings of the 19th ACM Symposium on Operating  Systems Principles},
pages	= {20--43},
address	= {Bolton Landing, NY}
}



